@Article{Welsh02,
	author = {Welsh, T AND Ashikhmin, M AND Mueller, K},
	title = {{T}ransferring {C}olor to {G}reyscale {I}mages},
	year = {2002}
}

@article{Irony05,
    author = {Irony, R AND Cohen-Or, D AND Lischinski, D},
    journal = {Eurographics Symposium on Rendering},
    title = {{C}olorization by {E}xample},
    year = {2009}
}