@article{welsh2002transferring,
  title={Transferring color to greyscale images},
  author={Welsh, Tomihisa and Ashikhmin, Michael and Mueller, Klaus},
  journal={ACM Transactions on Graphics (TOG)},
  volume={21},
  number={3},
  pages={277--280},
  year={2002},
  publisher={ACM}
}

@article{charpiat2010machine,
  title={Machine learning methods for automatic image colorization},
  author={Charpiat, Guillaume and Bezrukov, Ilja and Altun, Yasemin and Hofmann, Matthias and SCH, BERNHARD},
  journal={Computational photography: methods and applications. CRC Press, Boca Raton},
  pages={395--418},
  year={2010}
}

@inproceedings{irony2005colorization,
  title={Colorization by example},
  author={Irony, Revital and Cohen-Or, Daniel and Lischinski, Dani},
  booktitle={Eurographics Symp. on Rendering},
  volume={2},
  year={2005},
  organization={Citeseer}
}

@inproceedings{levin2004colorization,
  title={Colorization using optimization},
  author={Levin, Anat and Lischinski, Dani and Weiss, Yair},
  booktitle={ACM Transactions on Graphics (TOG)},
  volume={23},
  number={3},
  pages={689--694},
  year={2004},
  organization={ACM}
}

@incollection{noda2005bayesian,
  title={Bayesian colorization using MRF color image modeling},
  author={Noda, Hideki and Korekuni, Hitoshi and Takao, Nobuteru and Niimi, Michiharu},
  booktitle={Advances in Multimedia Information Processing-PCM 2005},
  pages={889--899},
  year={2005},
  publisher={Springer}
}

@article{bay2008speeded,
  title={Speeded-up robust features (SURF)},
  author={Bay, Herbert and Ess, Andreas and Tuytelaars, Tinne and Van Gool, Luc},
  journal={Computer vision and image understanding},
  volume={110},
  number={3},
  pages={346--359},
  year={2008},
  publisher={Elsevier}
}

@incollection{noda2005bayesian,
  title={Bayesian colorization using MRF color image modeling},
  author={Noda, Hideki and Korekuni, Hitoshi and Takao, Nobuteru and Niimi, Michiharu},
  booktitle={Advances in Multimedia Information Processing-PCM 2005},
  pages={889--899},
  year={2005},
  publisher={Springer}
}

@article{boykov2001fast,
  title={Fast approximate energy minimization via graph cuts},
  author={Boykov, Yuri and Veksler, Olga and Zabih, Ramin},
  journal={Pattern Analysis and Machine Intelligence, IEEE Transactions on},
  volume={23},
  number={11},
  pages={1222--1239},
  year={2001},
  publisher={IEEE}
}

@article{boykov2004experimental,
  title={An experimental comparison of min-cut/max-flow algorithms for energy minimization in vision},
  author={Boykov, Yuri and Kolmogorov, Vladimir},
  journal={Pattern Analysis and Machine Intelligence, IEEE Transactions on},
  volume={26},
  number={9},
  pages={1124--1137},
  year={2004},
  publisher={IEEE}
}

@article{gonzalez2002woods,
  title={Woods, digital image processing},
  author={Gonzalez, Rafael C and Richard, E},
  journal={ed: Prentice Hall Press, ISBN 0-201-18075-8},
  year={2002}
}

@article{opencv_library, 
    author = {Bradski, G.}, 
    citeulike-article-id = {2236121}, 
    journal = {Dr. Dobb's Journal of Software Tools}, 
    keywords = {bibtex-import}, 
    posted-at = {2008-01-15 19:21:54}, 
    priority = {4}, 
    title = {{The OpenCV Library}}, 
    year = {2000} 
}

@Misc{jones_scipy,
  author =    {Eric Jones and Travis Oliphant and Pearu Peterson and others},
  title =     {{SciPy}: Open source scientific tools for {Python}},
  year =      {2001},
  url = "http://www.scipy.org/"
}

@article{scikit-learn,
 title={Scikit-learn: Machine Learning in {P}ython},
 author={Pedregosa, F. and Varoquaux, G. and Gramfort, A. and Michel, V.
         and Thirion, B. and Grisel, O. and Blondel, M. and Prettenhofer, P.
         and Weiss, R. and Dubourg, V. and Vanderplas, J. and Passos, A. and
         Cournapeau, D. and Brucher, M. and Perrot, M. and Duchesnay, E.},
 journal={Journal of Machine Learning Research},
 volume={12},
 pages={2825--2830},
 year={2011}
}

@Misc{mueller_pygco,
  author =    {Andreas Mueller},
  title =     {{Graphcuts} for {Python}: {pygco}},
  year =      {2012},
  url = "http://peekaboo-vision.blogspot.com/2012/05/graphcuts-for-python-pygco.html"
}